@book{leffingwell2010アジャイル開発の本質とスケールアップ,
  title={アジャイル開発の本質とスケールアップ: ソフトウェア開発の実践: 変化に強い大規模開発を成功させる 14 のベストプラクティス},
  author={Leffingwell, Dean},
  jauthor={玉川 憲 and  橘高 陸夫 and 畑 秀明 and 藤井 智弘 },
  year={2010},
  publisher={翔泳社}
}

@book{西村直人2011アジャイルサムライ,
  title={アジャイルサムライ――達人開発者への道},
  author={},
  jauthor={西村直人 and 角谷信太郎},
  year={2011},
  publisher={株式会社 オーム社}
}

@book{subramaniam2007アジャイルプラクティス,
  title={アジャイルプラクティス},
  author={Subramaniam, Venkat and Hunt, Andy},
  jauthor={},
  year={2007},
  publisher={オーム社}
}

@book{schewaber30Days,
  title={Software in 30 Days},
  author={Schewaber, Ken and Sutherland, Jeff},
  jauthor={角 征典 and 吉羽 龍太郎 and 原田 騎郎 and 川口 恭伸},
  year={2013},
  publisher={アスキー・メディアワークス},
}

@misc{univ_criteria,
 author="文部省",
 title="大学設置基準",
 note="大学設置基準，\url{http://www.kyoto-u.ac.jp/uni_int/kitei/reiki_honbun/w002RG00000949.html}~(参照 2016-1-5)"
}

@book{scrumスクラム,
  title={スクラム実践入門},
  author={貝瀬 岳志, 原田 勝信, 和島 史典, 栗林 健太郎, 柴田 博志, 家永 英治},
  year={2015},
  publisher={技術評論社},
}

@misc{agile_declarationアジャイルソフトウェア開発宣言,
  author={Kent Beck, Mike Beedle, Arie van Bennekum, Alistair Cockburn, Ward Cunningham, Martin Fowler, James Grenning, Jim Highsmith, Andrew Hunt, Ron Jeffries, Jon Kern, Brian Marick, Robert C. Martin, Steve Mellor, Ken Schwaber, Jeff Sutherland, Dave Thomas},
  title={アジャイルソフトウェア開発宣言},
  note="アジャイルソフトウェア開発宣言, \url{http://agilemanifesto.org/iso/ja/}~(参照 2016-1-7)"
}

@misc{agile_principleアジャイル宣言の背後にある原則,
  author={Ward Cunningham },
  title={アジャイル宣言の背後にある原則},
  note="アジャイル宣言の背後にある原則, \url{http://agilemanifesto.org/iso/ja/principles.html}~(参照 2016-1-7)"
}